<record><leader>00000cas a22000007a 4500</leader><controlfield tag="001">8613259</controlfield><controlfield tag="008">820720d19111916pauwr ne      0    0eng d</controlfield><datafield ind1=" " ind2=" " tag="010"><subfield code="a">sn 89077006 </subfield></datafield><datafield ind1=" " ind2=" " tag="040"><subfield code="a">OHT</subfield><subfield code="b">eng</subfield><subfield code="c">OHT</subfield><subfield code="d">NPH</subfield><subfield code="d">OCLCQ</subfield><subfield code="d">OCLCF</subfield><subfield code="d">NVF</subfield><subfield code="d">OCLCO</subfield></datafield><datafield ind1="1" ind2=" " tag="029"><subfield code="a">AU@</subfield><subfield code="b">000023089637</subfield></datafield><datafield ind1=" " ind2=" " tag="042"><subfield code="a">msc</subfield></datafield><datafield ind1=" " ind2=" " tag="092"><subfield code="a">178.05</subfield></datafield><datafield ind1="0" ind2="4" tag="245"><subfield code="a">The vindicator.</subfield></datafield><datafield ind1="3" ind2="0" tag="246"><subfield code="a">Vindicator combined with the national prohibitionist</subfield></datafield><datafield ind1=" " ind2=" " tag="260"><subfield code="a">Franklin, Pa. :</subfield><subfield code="b">Venango Print. Co.,</subfield><subfield code="c">1911-1916.</subfield></datafield><datafield ind1=" " ind2=" " tag="300"><subfield code="a">v. :</subfield><subfield code="b">ill. ;</subfield><subfield code="c">40 cm.</subfield></datafield><datafield ind1=" " ind2=" " tag="310"><subfield code="a">Weekly</subfield></datafield><datafield ind1="0" ind2=" " tag="362"><subfield code="a">Vol. 10, no. 1 (Oct. 13, 1911)-v. 15, no. 10 (Dec. 22, 1916).</subfield></datafield><datafield ind1=" " ind2=" " tag="500"><subfield code="a">The words "combined with the national prohibitionist" appear below title on masthead.</subfield></datafield><datafield ind1=" " ind2=" " tag="500"><subfield code="a">First section contains local news; second section contains national prohibitionist news.</subfield></datafield><datafield ind1=" " ind2="0" tag="650"><subfield code="a">Temperance</subfield><subfield code="z">United States</subfield><subfield code="v">Newspapers.</subfield></datafield><datafield ind1=" " ind2="7" tag="650"><subfield code="a">Temperance.</subfield><subfield code="2">fast</subfield><subfield code="0">(OCoLC)fst01147309</subfield></datafield><datafield ind1=" " ind2="7" tag="651"><subfield code="a">United States.</subfield><subfield code="2">fast</subfield><subfield code="0">(OCoLC)fst01204155</subfield></datafield><datafield ind1=" " ind2="7" tag="655"><subfield code="a">Newspapers.</subfield><subfield code="2">fast</subfield><subfield code="0">(OCoLC)fst01423814</subfield></datafield><datafield ind1=" " ind2=" " tag="752"><subfield code="a">United States</subfield><subfield code="b">Pennsylvania</subfield><subfield code="c">Venango</subfield><subfield code="d">Franklin.</subfield></datafield><datafield ind1="0" ind2="4" tag="780"><subfield code="t">National prohibitionist (Chicago, Ill. : 1907)</subfield><subfield code="w">(DLC)sn 86090451</subfield></datafield><datafield ind1="0" ind2="4" tag="780"><subfield code="t">Venango vindicator</subfield><subfield code="w">(DLC)sn 89077015</subfield></datafield><datafield ind1=" " ind2=" " tag="936"><subfield code="a">Jan. 7, 1916.</subfield></datafield></record>